<record><leader>00000cas a22000007a 4500</leader><controlfield tag="001">11062662</controlfield><controlfield tag="008">840816d18321849nyuwr ne      0    0eng d</controlfield><datafield ind1=" " ind2=" " tag="010"><subfield code="a">sn 84031388 </subfield></datafield><datafield ind1=" " ind2=" " tag="040"><subfield code="a">NYG</subfield><subfield code="b">eng</subfield><subfield code="c">NYG</subfield><subfield code="d">NPX</subfield><subfield code="d">NYG</subfield><subfield code="d">NYS</subfield><subfield code="d">WAU</subfield><subfield code="d">OCL</subfield><subfield code="d">OCLCQ</subfield><subfield code="d">OCLCF</subfield><subfield code="d">OCLCO</subfield><subfield code="d">AQM</subfield></datafield><datafield ind1="1" ind2=" " tag="029"><subfield code="a">AU@</subfield><subfield code="b">000020121804</subfield></datafield><datafield ind1=" " ind2=" " tag="042"><subfield code="a">msc</subfield></datafield><datafield ind1=" " ind2=" " tag="043"><subfield code="a">n-us-ny</subfield></datafield><datafield ind1="0" ind2=" " tag="130"><subfield code="a">Seneca observer (Waterloo, N.Y. : 1832)</subfield></datafield><datafield ind1="1" ind2="0" tag="245"><subfield code="a">Seneca observer.</subfield></datafield><datafield ind1=" " ind2=" " tag="260"><subfield code="a">Waterloo, N.Y. :</subfield><subfield code="b">Charles Sentell</subfield></datafield><datafield ind1=" " ind2=" " tag="300"><subfield code="a">v.</subfield></datafield><datafield ind1=" " ind2=" " tag="310"><subfield code="a">Weekly</subfield></datafield><datafield ind1="1" ind2=" " tag="362"><subfield code="a">Began in 1832</subfield><subfield code="z">Cf. Faibisoff, S.G. Bibl. of newspapers in 14 N.Y. counties (1978 ed.).</subfield></datafield><datafield ind1="0" ind2=" " tag="362"><subfield code="a">-v. 18, no. 37 (Sept. 13, 1849).</subfield></datafield><datafield ind1=" " ind2=" " tag="500"><subfield code="a">Publishers: Charles Sentell, &lt;1833&gt;; James C. Wood, &lt;1834-1835&gt;; H.H. Riley, &lt;1837-1838&gt;; Guild &amp; Tobey &lt;1839&gt;; Wood, Riley &amp; Knox, &lt;1839-1840&gt;; Charles Sentell, &lt;1841-1844&gt;; S. Pew &amp; F.A. Marsh, &lt;1844&gt;, H.H. Riley, &lt;1846&gt;.</subfield></datafield><datafield ind1=" " ind2=" " tag="500"><subfield code="a">"Democratic."</subfield></datafield><datafield ind1=" " ind2=" " tag="500"><subfield code="a">Editors: Charles Sentell, &lt;1844-1846&gt;; F.A. Marsh, &lt;1844&gt;.</subfield></datafield><datafield ind1=" " ind2=" " tag="530"><subfield code="a">Available on microfilm from Micro Photo Division, Bell and Howell.</subfield></datafield><datafield ind1=" " ind2=" " tag="588"><subfield code="a">Description based on: Vol. 2, no. 66 (Apr. 3, 1833).</subfield></datafield><datafield ind1=" " ind2="0" tag="651"><subfield code="a">Waterloo (N.Y.)</subfield><subfield code="v">Newspapers.</subfield></datafield><datafield ind1=" " ind2="7" tag="651"><subfield code="a">New York (State)</subfield><subfield code="z">Waterloo.</subfield><subfield code="2">fast</subfield><subfield code="0">(OCoLC)fst01220668</subfield></datafield><datafield ind1=" " ind2="7" tag="655"><subfield code="a">Newspapers.</subfield><subfield code="2">fast</subfield><subfield code="0">(OCoLC)fst01423814</subfield></datafield><datafield ind1=" " ind2="7" tag="655"><subfield code="a">Newspapers.</subfield><subfield code="2">rbgenr</subfield></datafield><datafield ind1=" " ind2=" " tag="752"><subfield code="a">United States</subfield><subfield code="b">New York</subfield><subfield code="c">Seneca</subfield><subfield code="d">Waterloo.</subfield></datafield><datafield ind1="0" ind2=" " tag="775"><subfield code="t">Daily Seneca observer</subfield><subfield code="w">(DLC)sn 91066255</subfield><subfield code="w">(OCoLC)23686038</subfield></datafield><datafield ind1="0" ind2="0" tag="780"><subfield code="t">Waterloo observer (Waterloo, N.Y. : 1826)</subfield><subfield code="w">(DLC)sn 85054375</subfield></datafield><datafield ind1="0" ind2="7" tag="785"><subfield code="t">Seneca free soil union</subfield><subfield code="w">(DLC)sn 88074890</subfield><subfield code="w">(OCoLC)18775792</subfield></datafield><datafield ind1="0" ind2="7" tag="785"><subfield code="t">Seneca observer &amp; union</subfield><subfield code="w">(DLC)sn 84031393</subfield><subfield code="w">(OCoLC)11062749</subfield></datafield></record>